@ONLINE {Medium:BVH-Visualization,
    author    = {Roman Wiche},
    title     = {{H}ow to create awesome accelerators: {T}he {S}urface {A}rea {H}euristic --- bromanz},
    publisher = {Medium},
    date      = {2018-04-11},
    url       = {https://medium.com/@bromanz/how-to-create-awesome-accelerators-the-surface-area-heuristic-e14b5dec6160},
    urldate   = {2024-08-01}
}