
@ONLINE {DirectX:Specification,
    author    = {DirectX-Specs},
    title     = {DirectX Raytracing (DXR) Functional Spec},
    publisher = {Microsoft},
    date      = {2023-11-01},
    url       = {https://microsoft.github.io/DirectX-Specs/d3d/Raytracing.html#intersection-shader},
    urldate   = {2024-08-03}
}